% libros
@book{moukalled2016finite,
  title={The finite volume method in computational fluid dynamics},
  author={Moukalled, Fadl and Mangani, L and Darwish, Marwan and others},
  volume={113},
  year={2016},
  publisher={Springer}
}

@book{landau1976mechanics,
  title={Mechanics: Volume 1},
  author={Landau, Lev Davidovich and Lifshitz, Evgenii Mikhailovich},
  volume={1},
  year={1976},
  publisher={Butterworth-Heinemann}
}

@book{poinsot1851theorie,
  title={Th{\'e}orie nouvelle de la rotation des corps},
  author={Poinsot, Louis},
  year={1851},
  publisher={Bachelier}
}

% - - - - - - - - - - - - - - - - - - 
% articles
@article{ashbaugh1991twisting,
  title={The twisting tennis racket},
  author={Ashbaugh, Mark S and Chicone, Carmen C and Cushman, Richard H},
  journal={Journal of Dynamics and differential Equations},
  volume={3},
  number={1},
  pages={67--85},
  year={1991},
  publisher={Springer}
}


@comment $Id: amcapaper.bib,v 1.6 2006/08/16 17:17:53 mstorti Exp $
